@book{F91manual,
 author = {M. Wessels and others},
 title = {Studying the $Z$ boson with the ATLAS Detector at the LHC - Manual V0.6},
 year = {2018},
 url = {https://www.physi.uni-heidelberg.de/Einrichtungen/FP/anleitungen/F91.pdf},
 publisher = {Heidelberg University}
 
 @misc{PPMasterclass,
	author = {M. Jende and others},
	title = {\textit{International Masterclasses - Hands on Particle Physics}},
    howpublished = {(\href{https://atlas.physicsmasterclasses.org/en/zpath_lhcphysics2.htm}{Link})},
    note = {(Accessed: March 5th, 2019)}
}
@article{BohmSato2004,
  title = {Relativistic resonances: Their masses, widths, lifetimes, superposition, and causal evolution},
  author = {Bohm, Arno R. and Sato, Yoshihiro},
  journal = {Phys. Rev. D},
  volume = {71},
  issue = {8},
  pages = {085018},
  numpages = {22},
  year = {2005},
  month = {Apr},
  publisher = {American Physical Society},
  doi = {10.1103/PhysRevD.71.085018},
  url = {https://link.aps.org/doi/10.1103/PhysRevD.71.085018}
}

@misc{ATLAS,
title = "\textsc{ATLAS} - \textsc{D}etector And \textsc{T}echnology",
institution   = "CERN",
collaboration = "ATLAS Collaboration",
howpublished = {(\href{https://atlas.cern/discover/detector}{Link})},
note = {(Accessed: \today)}
}

@misc{DATA,
      title         = "{Review Studies for the ATLAS Open Data Dataset}",
      institution   = "CERN",
      collaboration = "ATLAS Collaboration",
      address       = "Geneva",
      number        = "ATL-OREACH-PUB-2016-001",
      month         = "Aug",
      year          = "2016",
      reportNumber  = "ATL-OREACH-PUB-2016-001",
      howpublished  = "(\href{https://cds.cern.ch/record/2203649}{Link})",
}


@article{PDG,
  title = {Review of Particle Physics},
  author = {Tanabashi, M. and others},
  collaboration = {Particle Data Group},
  journal = {Phys. Rev. D},
  volume = {98},
  issue = {3},
  pages = {030001},
  numpages = {1898},
  year = {2018},
  month = {Aug},
  publisher = {American Physical Society},
  doi = {10.1103/PhysRevD.98.030001},
  url = {https://link.aps.org/doi/10.1103/PhysRevD.98.030001}
}